<?xml version="1.0" encoding="UTF-8"?><collection xmlns="http://www.loc.gov/MARC21/slim"><record><leader>00588nam--2200205-u-4500</leader><controlfield tag="001">000055996</controlfield><controlfield tag="002">20161230</controlfield><controlfield tag="005">20170220124907</controlfield><controlfield tag="008">141105s1000------------r-----000-0-eng-d</controlfield><datafield ind1=" " ind2=" " tag="020"><subfield code="a">9781605112152</subfield></datafield><datafield ind1=" " ind2=" " tag="040"><subfield code="a">IFIN-HH</subfield></datafield><datafield ind1=" " ind2=" " tag="080"><subfield code="a">621.039</subfield></datafield><datafield ind1="1" ind2=" " tag="100"><subfield code="a">Wang, Yongqiang</subfield></datafield><datafield ind1="1" ind2="0" tag="245"><subfield code="a">Handbook of Modern Ion Beam Materials Analysis</subfield><subfield code="c">Yongqiang Wang, Michael Nastasi (eds.)</subfield></datafield><datafield ind1=" " ind2=" " tag="250"><subfield code="a">Second Edition</subfield></datafield><datafield ind1=" " ind2=" " tag="260"><subfield code="a">Warrendale, Pa</subfield><subfield code="b">Materials Research Society</subfield><subfield code="c">2009</subfield></datafield><datafield ind1=" " ind2=" " tag="300"><subfield code="a">IV+441P</subfield></datafield><datafield ind1="1" ind2=" " tag="700"><subfield code="a">nASTASI, MICHAEL</subfield><subfield code="e">Ed</subfield></datafield><datafield ind1=" " ind2=" " tag="852"><subfield code="a">82373</subfield><subfield code="c">621.039</subfield></datafield><datafield ind1=" " ind2=" " tag="CAT"><subfield code="a">SYS</subfield><subfield code="c">20170220</subfield><subfield code="h">124907</subfield></datafield></record></collection>